<?xml version="1.0" encoding="UTF-8"?><collection xmlns="http://www.loc.gov/MARC21/slim"><record><leader>00624nam--2200193-i-4500</leader><controlfield tag="001">000011084</controlfield><controlfield tag="002">20161230</controlfield><controlfield tag="005">20161230201029</controlfield><controlfield tag="008">060222s1000------------r-----000-0-eng-d</controlfield><datafield ind1=" " ind2=" " tag="040"><subfield code="a">IFIN-HH</subfield></datafield><datafield ind1=" " ind2=" " tag="080"><subfield code="a">54(038)=004=40=30=20:901.323.9</subfield></datafield><datafield ind1="1" ind2=" " tag="100"><subfield code="a">Fouchier, J</subfield></datafield><datafield ind1="1" ind2="0" tag="245"><subfield code="a">Chemical dictionary. dictionnaire de chimie. fachworterbuch fur chemie</subfield><subfield code="b">With the cooperation of h.epstein</subfield><subfield code="c">J. fouchier, f. billet</subfield></datafield><datafield ind1=" " ind2=" " tag="250"><subfield code="a">Third Edition Revised And Enlarged</subfield></datafield><datafield ind1=" " ind2=" " tag="260"><subfield code="a">Nijmegen, Netherlands</subfield><subfield code="b">University Press</subfield><subfield code="c">1970</subfield></datafield><datafield ind1=" " ind2=" " tag="300"><subfield code="a">/PAG.DIF.</subfield></datafield><datafield ind1="1" ind2=" " tag="700"><subfield code="a">Billet, F</subfield></datafield><datafield ind1=" " ind2=" " tag="852"><subfield code="a">D.502</subfield><subfield code="c">SLC</subfield></datafield><datafield ind1=" " ind2=" " tag="CAT"><subfield code="a">Sys</subfield><subfield code="c">20130301</subfield><subfield code="h">142328</subfield></datafield></record></collection>